<?xml version="1.0" encoding="UTF-8"?><collection xmlns="http://www.loc.gov/MARC21/slim"><record><leader>00482nam--2200181-i-4500</leader><controlfield tag="001">000037811</controlfield><controlfield tag="002">20161230</controlfield><controlfield tag="005">20161230201041</controlfield><controlfield tag="008">060222s1000------------r-----000-0-eng-d</controlfield><datafield ind1=" " ind2=" " tag="040"><subfield code="a">IFIN -HH</subfield></datafield><datafield ind1=" " ind2=" " tag="080"><subfield code="a">539.188</subfield></datafield><datafield ind1="1" ind2=" " tag="100"><subfield code="a">Ramsey, Norman</subfield></datafield><datafield ind1="1" ind2="0" tag="245"><subfield code="a">Molecular beams</subfield><subfield code="c">Norman ramsey</subfield></datafield><datafield ind1=" " ind2=" " tag="260"><subfield code="a">Oxford</subfield><subfield code="b">Clarendon Press</subfield><subfield code="c">1956</subfield></datafield><datafield ind1=" " ind2=" " tag="300"><subfield code="a">XII + 466P</subfield></datafield><datafield ind1=" " ind2=" " tag="490"><subfield code="a">The Internationa Series Of Monographs On Physics</subfield></datafield><datafield ind1=" " ind2=" " tag="852"><subfield code="a">12772</subfield><subfield code="c">539.19</subfield></datafield><datafield ind1=" " ind2=" " tag="CAT"><subfield code="a">Sys</subfield><subfield code="c">20120712</subfield><subfield code="h">124802</subfield></datafield></record></collection>